
@article{Alcorn:2004sb,
      author         = "Alcorn, J. and others",
      title          = "{Basic Instrumentation for Hall A at Jefferson Lab}",
      journal        = "Nucl. Instrum. Meth.",
      volume         = "A522",
      year           = "2004",
      pages          = "294-346",
      doi            = "10.1016/j.nima.2003.11.415",
      reportNumber   = "JLAB-PHY-03-129",
      SLACcitation   = "%%CITATION = NUIMA,A522,294;%%"
}

